@misc{,
title = {}, 
howpublished = "\url{}",
author = "", 
},

@misc{,
title = {}, 
howpublished = "\url{}",
author = "", 
},

@misc{,
title = {}, 
howpublished = "\url{}",
author = "", 
},

